% Encoding: UTF-8

@Article{Wikipedia2016,
  author  = {Wikipedia},
  title   = {Rain water harvesting},
  journal = {wikipedia},
  year    = {2016},
  volume  = {1},
  number  = {1},
  pages   = {1},
  month   = jan,
  url     = {https://en.wikipedia.org/wiki/Rainwater_harvesting},
}

@Article{UNEP2017,
  author  = {UNEP},
  title   = {rainwater harvesting examples},
  journal = {unep},
  year    = {2017},
  volume  = {1},
  number  = {1},
  pages   = {1},
  month   = jan,
  url     = {http://www.unep.or.jp/ietc/publications/urban/urbanenv-2/9.asp},
}

@Article{Morrow2015,
  author  = {Ashley Morrow},
  title   = {Using NASA Data to Show How Raindrops Could Save Rupees},
  journal = {NASA},
  year    = {2015},
  volume  = {1},
  number  = {1},
  pages   = {1},
  month   = jan,
  url     = {https://www.nasa.gov/feature/goddard/using-nasa-data-to-show-how-raindrops-could-save-rupees},
}

@Article{RobertO.Ojwang2015,
  author  = {Robert O. Ojwang},
  title   = {Rooftop Rainwater Harvesting for Mombasa: Scenario Development with Image Classification and Water Resources Simulation},
  journal = {Water 2017},
  year    = {2015},
  volume  = {1},
  number  = {1},
  pages   = {1},
  month   = jan,
  url     = {http://www.mdpi.com/2073-4441/9/5/359/htm},
}

@Comment{jabref-meta: databaseType:bibtex;}
