% Encoding: UTF-8

@Article{Rein2016,
  author = {Robert Rein and Daniel Memmert},
  title  = {Big data and tactical analysis in elite soccer: future challenges and opportunities for sports science},
  year   = {2016},
}

@Comment{jabref-meta: databaseType:bibtex;}
